<?xml version="1.0" encoding="UTF-8"?><record xmlns="http://www.loc.gov/MARC21/slim" xmlns:cinclude="http://apache.org/cocoon/include/1.0" xmlns:zs="http://www.loc.gov/zing/srw/">
  <leader>00382cz  a2200145n  4500</leader>
  <controlfield tag="001">n  82094305 </controlfield>
  <controlfield tag="003">DLC</controlfield>
  <controlfield tag="005">20090109074013.0</controlfield>
  <controlfield tag="008">820720n| acannaabn          |n aaa      </controlfield>
  <datafield tag="010" ind1=" " ind2=" ">
    <subfield code="a">n  82094305 </subfield>
  </datafield>
  <datafield tag="035" ind1=" " ind2=" ">
    <subfield code="a">(OCoLC)oca00790921</subfield>
  </datafield>
  <datafield tag="040" ind1=" " ind2=" ">
    <subfield code="a">DLC</subfield>
    <subfield code="b">eng</subfield>
    <subfield code="c">DLC</subfield>
    <subfield code="d">OCoLC</subfield>
  </datafield>
  <datafield tag="053" ind1=" " ind2="0">
    <subfield code="a">PS3569.I35</subfield>
  </datafield>
  <datafield tag="100" ind1="1" ind2=" ">
    <subfield code="a">Sidon, Weslea</subfield>
  </datafield>
  <datafield tag="670" ind1=" " ind2=" ">
    <subfield code="a">Author's This is where I live, c1981:</subfield>
    <subfield code="b">t.p. (Weslea Sidon)</subfield>
  </datafield>
</record>